
@inproceedings{9355592,
  author    = {Tang, Zhenheng and Shi, Shaohuai and Chu, Xiaowen},
  booktitle = {2020 IEEE 40th International Conference on Distributed Computing Systems (ICDCS)},
  title     = {Communication-Efficient Decentralized Learning with Sparsification and Adaptive Peer Selection},
  year      = {2020},
  volume    = {},
  number    = {},
  pages     = {1207-1208},
  keywords  = {Training;Computational modeling;Scalability;Neural networks;Training data;Graphics processing units;Distributed computing;Deep Learning;Distributed Learning;Federated Learning;Model Sparsification;Adaptive Peer Selection},
  doi       = {10.1109/ICDCS47774.2020.00153}
}
@article{DBLP:journals/corr/McMahanMRA16,
  author       = {H. Brendan McMahan and
                  Eider Moore and
                  Daniel Ramage and
                  Blaise Ag{\"{u}}era y Arcas},
  title        = {Federated Learning of Deep Networks using Model Averaging},
  journal      = {CoRR},
  volume       = {abs/1602.05629},
  year         = {2016},
  url          = {http://arxiv.org/abs/1602.05629},
  eprinttype    = {arXiv},
  eprint       = {1602.05629},
  timestamp    = {Mon, 13 Aug 2018 16:48:01 +0200},
  biburl       = {https://dblp.org/rec/journals/corr/McMahanMRA16.bib},
  bibsource    = {dblp computer science bibliography, https://dblp.org}
}
@inproceedings{mcmahan2017communication,
  title={Communication-efficient learning of deep networks from decentralized data},
  author={McMahan, Brendan and Moore, Eider and Ramage, Daniel and Hampson, Seth and y Arcas, Blaise Aguera},
  booktitle={Artificial intelligence and statistics},
  pages={1273--1282},
  year={2017},
  organization={PMLR}
}
@inproceedings{kim2016character,
  title={Character-aware neural language models},
  author={Kim, Yoon and Jernite, Yacine and Sontag, David and Rush, Alexander},
  booktitle={Proceedings of the AAAI conference on artificial intelligence},
  volume={30},
  number={1},
  pages={2741--2749},
  year={2016}
}
@article{lecun1998gradient,
  title={Gradient-based learning applied to document recognition},
  author={LeCun, Yann and Bottou, L{\'e}on and Bengio, Yoshua and Haffner, Patrick},
  journal={Proceedings of the IEEE},
  volume={86},
  number={11},
  pages={2278--2324},
  year={1998},
  publisher={Ieee}
}