@article{8470897,
  author={Zeng, Yong and Lyu, Jiangbin and Zhang, Rui},
  journal={IEEE Wireless Communications}, 
  title={Cellular-Connected UAV: Potential, Challenges, and Promising Technologies}, 
  year={2019},
  volume={26},
  number={1},
  pages={120-127},
  doi={10.1109/MWC.2018.1800023}}

@article{8249536,
  author={Guo, Hongzhi and Liu, Jiajia},
  journal={IEEE Transactions on Vehicular Technology}, 
  title={Collaborative Computation Offloading for Multiaccess Edge Computing Over Fiberâ€“Wireless Networks}, 
  year={2018},
  volume={67},
  number={5},
  pages={4514-4526},
  doi={10.1109/TVT.2018.2790421}}

@article{9018112,
  author={Wang, Haichao and Wang, Jinlong and Ding, Guoru and Chen, Jin and Yang, Jian},
  journal={IEEE Transactions on Vehicular Technology}, 
  title={Completion Time Minimization for Turning Angle-Constrained UAV-to-UAV Communications}, 
  year={2020},
  volume={69},
  number={4},
  pages={4569-4574},
  doi={10.1109/TVT.2020.2976938}}